

%%%%%%%% --------- new references ----------%%%%%%%%%


@Article{Burns:2009,
	author = {Burns, D.-A. and S. Iliffe},
	title = {Enfermedad de {A}lzheimer},
	journaltitle = {BMJ},
	year = {2009},
	pages = {338, b158.},
}

@Article{weiner2013alzheimer,
	title={The Alzheimer's Disease Neuroimaging Initiative: a review of papers published since its inception},
	author={Weiner, Michael W and Veitch, Dallas P and Aisen, Paul S and Beckett, Laurel A and Cairns, Nigel J and Green, Robert C and Harvey, Danielle and Jack, Clifford R and Jagust, William and Liu, Enchi and others},
	journal={Alzheimer's \& Dementia},
	volume={9},
	number={5},
	pages={e111--e194},
	year={2013},
	publisher={Elsevier}
}

@Article{herholz2002discrimination,
	title={Discrimination between Alzheimer dementia and controls by automated analysis of multicenter FDG PET},
	author={Herholz, Karl and Salmon, Eric and Perani, D and Baron, JC and Holthoff, Vjera and Fr{\"o}lich, L and Sch{\"o}nknecht, P and Ito, K and Mielke, R{\"u}diger and Kalbe, Elke and others},
	journal={Neuroimage},
	volume={17},
	number={1},
	pages={302--316},
	year={2002},
	publisher={Elsevier}
}

@Article{illan201118,
	title={18 F-FDG PET imaging analysis for computer aided Alzheimer’s diagnosis},
	author={Ill{\'a}n, IA and G{\'o}rriz, J Manuel and Ram{\'\i}rez, Javier and Salas-Gonzalez, Diego and L{\'o}pez, MM and Segovia, Ferm{\'\i}n and Chaves, Rosa and G{\'o}mez-Rio, Manuel and Puntonet, Carlos Garc{\'\i}a and Alzheimer’s Disease Neuroimaging Initiative and others},
	journal={Information Sciences},
	volume={181},
	number={4},
	pages={903--916},
	year={2011},
	publisher={Elsevier}
}

@Article{higdon2004comparison,
	title={A comparison of classification methods for differentiating fronto-temporal dementia from Alzheimer's disease using FDG-PET imaging},
	author={Higdon, Roger and Foster, Norman L and Koeppe, Robert A and DeCarli, Charles S and Jagust, William J and Clark, Christopher M and Barbas, Nancy R and Arnold, Steven E and Turner, R Scott and Heidebrink, Judith L and others},
	journal={Statistics in medicine},
	volume={23},
	number={2},
	pages={315--326},
	year={2004},
	publisher={Wiley Online Library}
}

@BOOK{liu2007computational,
	title={Computational methods of feature selection},
	author={Liu, Huan and Motoda, Hiroshi},
	year={2007},
	publisher={CRC Press}
}

@BOOK{friedman2001elements,
	title={The elements of statistical learning},
	author={Friedman, Jerome and Hastie, Trevor and Tibshirani, Robert},
	volume={1},
	year={2001},
	publisher={Springer series in statistics Springer, Berlin}
}

@Article{jain1997feature,
	title={Feature selection: Evaluation, application, and small sample performance},
	author={Jain, Anil and Zongker, Douglas},
	journal={IEEE transactions on pattern analysis and machine intelligence},
	volume={19},
	number={2},
	pages={153--158},
	year={1997},
	publisher={IEEE}
}

@BOOK{guyon2008feature,
	title={Feature extraction: foundations and applications},
	author={Guyon, Isabelle and Gunn, Steve and Nikravesh, Masoud and Zadeh, Lofti A},
	volume={207},
	year={2008},
	publisher={Springer}
}

@Article{tang2014feature,
	title={Feature selection for classification: A review},
	author={Tang, Jiliang and Alelyani, Salem and Liu, Huan},
	journal={Data Classification: Algorithms and Applications},
	pages={37},
	year={2014},
	publisher={CRC Press}
}

@BOOK{jolliffe2002principal,
	title={Principal component analysis},
	author={Jolliffe, Ian},
	year={2002},
	publisher={Wiley Online Library}
}

@inproceedings{mika1999fisher,
	title={Fisher discriminant analysis with kernels},
	author={Mika, Sebastian and Ratsch, Gunnar and Weston, Jason and Scholkopf, Bernhard and Mullers, Klaus-Robert},
	booktitle={Neural Networks for Signal Processing IX, 1999. Proceedings of the 1999 IEEE Signal Processing Society Workshop.},
	pages={41--48},
	year={1999},
	organization={IEEE}
}

@inproceedings{mairal2009online,
	title={Online dictionary learning for sparse coding},
	author={Mairal, Julien and Bach, Francis and Ponce, Jean and Sapiro, Guillermo},
	booktitle={Proceedings of the 26th annual international conference on machine learning},
	pages={689--696},
	year={2009},
	organization={ACM}
}
@inproceedings{schnass2008dictionary,
	title={Dictionary learning based dimensionality reduction for classification},
	author={Schnass, Karin and Vandergheynst, Pierre},
	booktitle={Communications, Control and Signal Processing, 2008. ISCCSP 2008. 3rd International Symposium on},
	pages={780--785},
	year={2008},
	organization={IEEE}
}
@article{yin2008bregman,
	title={Bregman iterative algorithms for $\backslash$ell\_1-minimization with applications to compressed sensing},
	author={Yin, Wotao and Osher, Stanley and Goldfarb, Donald and Darbon, Jerome},
	journal={SIAM Journal on Imaging sciences},
	volume={1},
	number={1},
	pages={143--168},
	year={2008},
	publisher={SIAM}
}

@Article{lin2014stochastic,
	title={Stochastic coordinate coding and its application for drosophila gene expression pattern annotation},
	author={Lin, Binbin and Li, Qingyang and Sun, Qian and Lai, Ming-Jun and Davidson, Ian and Fan, Wei and Ye, Jieping},
	journal={arXiv preprint arXiv:1407.8147},
	year={2014}
}

@inproceedings{boureau2010theoretical,
	title={A theoretical analysis of feature pooling in visual recognition},
	author={Boureau, Y-Lan and Ponce, Jean and LeCun, Yann},
	booktitle={Proceedings of the 27th international conference on machine learning (ICML-10)},
	pages={111--118},
	year={2010}
}
@Article{rojas2009adaboost,
	title={AdaBoost and the super bowl of classifiers a tutorial introduction to adaptive boosting},
	author={Rojas, Ra{\'u}l},
	journal={Freie University, Berlin, Tech. Rep},
	year={2009}
}

@Article{tibshirani1996regression,
	title={Regression shrinkage and selection via the lasso},
	author={Tibshirani, Robert},
	journal={Journal of the Royal Statistical Society. Series B (Methodological)},
	pages={267--288},
	year={1996},
	publisher={JSTOR}
}

@Article{friedman2008sparse,
	title={Sparse inverse covariance estimation with the graphical lasso},
	author={Friedman, Jerome and Hastie, Trevor and Tibshirani, Robert},
	journal={Biostatistics},
	volume={9},
	number={3},
	pages={432--441},
	year={2008},
	publisher={Biometrika Trust}
}

@inproceedings{masaeli2010transformation,
	title={From transformation-based dimensionality reduction to feature selection},
	author={Masaeli, Mahdokht and Dy, Jennifer G and Fung, Glenn M},
	booktitle={Proceedings of the 27th International Conference on Machine Learning (ICML-10)},
	pages={751--758},
	year={2010}
}
@inproceedings{freund1996experiments,
	title={Experiments with a new boosting algorithm},
	author={Freund, Yoav and Schapire, Robert E and others},
	booktitle={icml},
	volume={96},
	pages={148--156},
	year={1996}
}

@incollection{schapire2013explaining,
	title={Explaining adaboost},
	author={Schapire, Robert E},
	booktitle={Empirical inference},
	pages={37--52},
	year={2013},
	publisher={Springer}
}


@Book{penny2011statistical,
	title={Statistical parametric mapping: the analysis of functional brain images},
	author={Penny, William D and Friston, Karl J and Ashburner, John T and Kiebel, Stefan J and Nichols, Thomas E},
	year={2011},
	publisher={Academic press}
}

@inproceedings{coates2011importance,
	title={The importance of encoding versus training with sparse coding and vector quantization},
	author={Coates, Adam and Ng, Andrew Y},
	booktitle={Proceedings of the 28th International Conference on Machine Learning (ICML-11)},
	pages={921--928},
	year={2011}
}

@article{howland2004generalizing,
	title={Generalizing discriminant analysis using the generalized singular value decomposition},
	author={Howland, Peg and Park, Haesun},
	journal={IEEE transactions on pattern analysis and machine intelligence},
	volume={26},
	number={8},
	pages={995--1006},
	year={2004},
	publisher={IEEE}
}
@inproceedings{zhang2010discriminative,
	title={Discriminative K-SVD for dictionary learning in face recognition},
	author={Zhang, Qiang and Li, Baoxin},
	booktitle={Computer Vision and Pattern Recognition (CVPR), 2010 IEEE Conference on},
	pages={2691--2698},
	year={2010},
	organization={IEEE}
}
@inproceedings{lv2015modeling,
	title={Modeling Task FMRI Data via Supervised Stochastic Coordinate Coding},
	author={Lv, Jinglei and Lin, Binbin and Zhang, Wei and Jiang, Xi and Hu, Xintao and Han, Junwei and Guo, Lei and Ye, Jieping and Liu, Tianming},
	booktitle={International Conference on Medical Image Computing and Computer-Assisted Intervention},
	pages={239--246},
	year={2015},
	organization={Springer}
}
@book{jolliffe2002principal,
	title={Principal component analysis},
	author={Jolliffe, Ian},
	year={2002},
	publisher={Wiley Online Library}
}

@article{howland2004generalizing,
	title={Generalizing discriminant analysis using the generalized singular value decomposition},
	author={Howland, Peg and Park, Haesun},
	journal={IEEE transactions on pattern analysis and machine intelligence},
	volume={26},
	number={8},
	pages={995--1006},
	year={2004},
	publisher={IEEE}
}

@inproceedings{scherer2010evaluation,
	title={Evaluation of pooling operations in convolutional architectures for object recognition},
	author={Scherer, Dominik and M{\"u}ller, Andreas and Behnke, Sven},
	booktitle={International Conference on Artificial Neural Networks},
	pages={92--101},
	year={2010},
	organization={Springer}
}
@article{fawcett2004roc,
	title={ROC graphs: Notes and practical considerations for researchers},
	author={Fawcett, Tom},
	journal={Machine learning},
	volume={31},
	number={1},
	pages={1--38},
	year={2004}
}

@article{powers2011evaluation,
	title={Evaluation: from precision, recall and F-measure to ROC, informedness, markedness and correlation},
	author={Powers, David Martin},
	year={2011},
	publisher={Bioinfo Publications}
}
@book{shawe2004kernel,
	title={Kernel methods for pattern analysis},
	author={Shawe-Taylor, John and Cristianini, Nello},
	year={2004},
	publisher={Cambridge university press}
}
%%%%%%%%% APOE GENE %%%%%%%%
@article{ghebranious2005detection,
	title={Detection of ApoE E2, E3 and E4 alleles using MALDI-TOF mass spectrometry and the homogeneous mass-extend technology},
	author={Ghebranious, Nader and Ivacic, Lynn and Mallum, Jamie and Dokken, Charles},
	journal={Nucleic acids research},
	volume={33},
	number={17},
	pages={e149--e149},
	year={2005},
	publisher={Oxford Univ Press}
}
@article{genin2011apoe,
	title={APOE and Alzheimer disease: a major gene with semi-dominant inheritance},
	author={Genin, Emmanuelle and Hannequin, Didier and Wallon, David and Sleegers, Kristel and Hiltunen, Mikko and Combarros, Onofre and Bullido, Mar{\'\i}a Jes{\'u}s and Engelborghs, Sebastiaan and De Deyn, Peter and Berr, Claudine and others},
	journal={Molecular psychiatry},
	volume={16},
	number={9},
	pages={903--907},
	year={2011},
	publisher={Nature Publishing Group}
}
%%%%%%%%% APOE GENE %%%%%%%%

@article{rasmussen2006gaussian,
	title={Gaussian processes for machine learning},
	author={Rasmussen, Carl Edward},
	year={2006},
	publisher={Citeseer}
}

@inproceedings{mika1998kernel,
	title={Kernel PCA and De-noising in feature spaces.},
	author={Mika, Sebastian and Sch{\"o}lkopf, Bernhard and Smola, Alexander J and M{\"u}ller, Klaus-Robert and Scholz, Matthias and R{\"a}tsch, Gunnar},
	booktitle={NIPS},
	volume={11},
	pages={536--542},
	year={1998}
}
@article{kakimoto2011new,
	title={New computer-aided diagnosis of dementia using positron emission tomography: brain regional sensitivity-mapping method},
	author={Kakimoto, Akihiro and Kamekawa, Yuichi and Ito, Shigeru and Yoshikawa, Etsuji and Okada, Hiroyuki and Nishizawa, Sadahiko and Minoshima, Satoshi and Ouchi, Yasuomi},
	journal={PloS one},
	volume={6},
	number={9},
	pages={e25033},
	year={2011},
	publisher={Public Library of Science}
}
@article{lu2017early,
	title={Early identification of mild cognitive impairment using incomplete random forest-robust support vector machine and FDG-PET imaging},
	author={Lu, Shen and Xia, Yong and Cai, Weidong and Fulham, Michael and Feng, David Dagan and Alzheimer’s Disease Neuroimaging Initiative and others},
	journal={Computerized Medical Imaging and Graphics},
	year={2017},
	publisher={Elsevier}
}
@article{lv2015holistic,
	title={Holistic atlases of functional networks and interactions reveal reciprocal organizational architecture of cortical function},
	author={Lv, Jinglei and Jiang, Xi and Li, Xiang and Zhu, Dajiang and Zhang, Shu and Zhao, Shijie and Chen, Hanbo and Zhang, Tuo and Hu, Xintao and Han, Junwei and others},
	journal={IEEE Transactions on Biomedical Engineering},
	volume={62},
	number={4},
	pages={1120--1131},
	year={2015},
	publisher={IEEE}
}
@inproceedings{lv2015modeling,
	title={Modeling Task FMRI Data via Supervised Stochastic Coordinate Coding},
	author={Lv, Jinglei and Lin, Binbin and Zhang, Wei and Jiang, Xi and Hu, Xintao and Han, Junwei and Guo, Lei and Ye, Jieping and Liu, Tianming},
	booktitle={International Conference on Medical Image Computing and Computer-Assisted Intervention},
	pages={239--246},
	year={2015},
	organization={Springer}
}
@inproceedings{moody2012unsupervised,
	title={Unsupervised land cover classification in multispectral imagery with sparse representations on learned dictionaries},
	author={Moody, Daniela I and Brumby, Steven P and Rowland, Joel C and Gangodagamage, Chandana},
	booktitle={Applied Imagery Pattern Recognition Workshop (AIPR), 2012 IEEE},
	pages={1--10},
	year={2012},
	organization={IEEE}
}
@article{shi2014genetic,
	title={Genetic influence of apolipoprotein E4 genotype on hippocampal morphometry: An N= 725 surface-based Alzheimer's disease neuroimaging initiative study},
	author={Shi, Jie and Lepor{\'e}, Natasha and Gutman, Boris A and Thompson, Paul M and Baxter, Leslie C and Caselli, Richard J and Wang, Yalin},
	journal={Human brain mapping},
	volume={35},
	number={8},
	pages={3903--3918},
	year={2014},
	publisher={Wiley Online Library}
}
@inproceedings{zhang2016morphometric,
	title={Morphometric analysis of hippocampus and lateral ventricle reveals regional difference between cognitively stable and declining persons},
	author={Zhang, Wen and Shi, Jie and Stonnington, Cynthia and Bauer, Robert J and Gutman, Boris A and Chen, Kewei and Thompson, Paul M and Reiman, Eric M and Caselli, Richard J and Wang, Yalin},
	booktitle={Biomedical Imaging (ISBI), 2016 IEEE 13th International Symposium on},
	pages={14--18},
	year={2016},
	organization={IEEE}
}
@article{morris1993clinical,
	title={The Clinical Dementia Rating (CDR): current version and scoring rules.},
	author={Morris, John C},
	journal={Neurology},
	year={1993},
	publisher={Lippincott Williams \& Wilkins}
}
@article{mueller2005ways,
	title={Ways toward an early diagnosis in Alzheimer’s disease: the Alzheimer’s Disease Neuroimaging Initiative (ADNI)},
	author={Mueller, Susanne G and Weiner, Michael W and Thal, Leon J and Petersen, Ronald C and Jack, Clifford R and Jagust, William and Trojanowski, John Q and Toga, Arthur W and Beckett, Laurel},
	journal={Alzheimer's \& Dementia},
	volume={1},
	number={1},
	pages={55--66},
	year={2005},
	publisher={Elsevier}
}
@inproceedings{zhang2016applying,
	title={Applying sparse coding to surface multivariate tensor-based morphometry to predict future cognitive decline},
	author={Zhang, Jie and Stonnington, Cynthia and Li, Qingyang and Shi, Jie and Bauer, Robert J and Gutman, Boris A and Chen, Kewei and Reiman, Eric M and Thompson, Paul M and Ye, Jieping and others},
	booktitle={Biomedical Imaging (ISBI), 2016 IEEE 13th International Symposium on},
	pages={646--650},
	year={2016},
	organization={IEEE}
}
@inproceedings{zhang2016hyperbolic,
	title={Hyperbolic Space Sparse Coding with Its Application on Prediction of Alzheimer’s Disease in Mild Cognitive Impairment},
	author={Zhang, Jie and Shi, Jie and Stonnington, Cynthia and Li, Qingyang and Gutman, Boris A and Chen, Kewei and Reiman, Eric M and Caselli, Richard and Thompson, Paul M and Ye, Jieping and others},
	booktitle={International Conference on Medical Image Computing and Computer-Assisted Intervention},
	pages={326--334},
	year={2016},
	organization={Springer}
}
@article{coupe2011patch,
	title={Patch-based segmentation using expert priors: Application to hippocampus and ventricle segmentation},
	author={Coup{\'e}, Pierrick and Manj{\'o}n, Jos{\'e} V and Fonov, Vladimir and Pruessner, Jens and Robles, Montserrat and Collins, D Louis},
	journal={NeuroImage},
	volume={54},
	number={2},
	pages={940--954},
	year={2011},
	publisher={Elsevier}
}
@article{tipping1999mixtures,
	title={Mixtures of probabilistic principal component analyzers},
	author={Tipping, Michael E and Bishop, Christopher M},
	journal={Neural computation},
	volume={11},
	number={2},
	pages={443--482},
	year={1999},
	publisher={MIT Press}
}
@Article{langbaum2013ushering,
	title={Ushering in the study and treatment of preclinical Alzheimer disease},
	author={Langbaum, Jessica B and Fleisher, Adam S and Chen, Kewei and Ayutyanont, Napatkamon and Lopera, Francisco and Quiroz, Yakeel T and Caselli, Richard J and Tariot, Pierre N and Reiman, Eric M},
	journal={Nature Reviews Neurology},
	volume={9},
	number={7},
	pages={371--381},
	year={2013},
	publisher={Nature Publishing Group}
}
@Article{lee2014parametric,
	title={Parametric response mapping of longitudinal PET scans and their use in detecting changes in Alzheimer’s diseases},
	author={Lee, Seung-hak and Park, Hyunjin and others},
	journal={Biomedical Engineering Letters},
	volume={4},
	number={1},
	pages={73--79},
	year={2014},
	publisher={Springer}
}
@Article{ishii2002clinical,
	title={Clinical application of positron emission tomography for diagnosis of dementia},
	author={Ishii, Kazunari},
	journal={Annals of nuclear medicine},
	volume={16},
	number={8},
	pages={515--525},
	year={2002},
	publisher={Springer}
}
@Article{ishii2014pet,
	title={PET approaches for diagnosis of dementia},
	author={Ishii, K},
	journal={American Journal of Neuroradiology},
	volume={35},
	number={11},
	pages={2030--2038},
	year={2014},
	publisher={Am Soc Neuroradiology}
}
@Article{rabinovici2011amyloid,
	title={Amyloid vs FDG-PET in the differential diagnosis of AD and FTLD},
	author={Rabinovici, GD and Rosen, HJ and Alkalay, A and Kornak, J and Furst, AJ and Agarwal, N and Mormino, EC and O'neil, Jp and Janabi, M and Karydas, A and others},
	journal={Neurology},
	volume={77},
	number={23},
	pages={2034--2042},
	year={2011},
	publisher={AAN Enterprises}
}
@article{swets1979roc,
	title={ROC analysis applied to the evaluation of medical imaging techniques.},
	author={Swets, John A},
	journal={Investigative radiology},
	volume={14},
	number={2},
	pages={109--121},
	year={1979},
	publisher={LWW}
}